<zs:record>
      <zs:recordPacking>xml</zs:recordPacking>
      <zs:recordData>
        <record xmlns="http://www.loc.gov/MARC21/slim">
          <leader>00375nz a2200109 4500</leader>
          <controlfield tag="001">30004322</controlfield>
          <controlfield tag="003">RISM</controlfield>
          <controlfield tag="005">20121108</controlfield>
          <controlfield tag="008">121108n||az|||||||##########||||||||||||</controlfield>
          <datafield tag="043" ind1=" " ind2=" ">
            <subfield code="c">Israel</subfield>
          </datafield>
          <datafield tag="110" ind1="2" ind2=" ">
            <subfield code="a">Armenian Patriarchate, Libraries &lt;Jerusalem&gt;</subfield>
            <subfield code="c">Jerusalem</subfield>
            <subfield code="g">IL-Jap</subfield>
          </datafield>
          <datafield tag="622" ind1=" " ind2=" ">
            <subfield code="e">Armenian Patriarchate, Libraries, Armenian Patriarchate Road, Jerusalem,
              Israel</subfield>
            <subfield code="u">http://www.armenian-patriarchate.org</subfield>
          </datafield>
          <idzebra xmlns="http://www.indexdata.dk/zebra/">
            <size>375</size>
            <score>761</score>
            <localnumber>831638</localnumber>
            <filename>sigla/sigla.mrc</filename>
          </idzebra>
        </record>
      </zs:recordData>
      <zs:recordPosition>5</zs:recordPosition>
    </zs:record>